@book{elzad,
    author = "Ademir Alves Ribeiro and Elizabeth Wegner Karas",
    title = "Otimização Contínua, Aspectos Teóricos e Computacionais",
    publisher = "CENGAGE Learning",
    edition = "1",
    year = "2014"
}

@misc{thomadata,
    Author = "Martin Thoma",
    Title = "The HASYv2 dataset",
    Year = "2017",
    Eprint = "arXiv:1701.08380",
}

@book{nocedal,
	author = "Jorge Nocedal and Stephen J. Wright",
    title = "Numerical Optimization",
    publisher = "Springer",
    edition = "2",
    year = "2006"
}

@book{shai,
	author = "Shai Shalev-Shwartz and Shai Ben-David",
    title = "Understading Machine Learning: From Theory to Algorithms",
    publisher = "Cambridge University Press",	
    edition = "1",
    year = "2014"
}

@booklet{ng,
    author = "Andrew Ng",
    title = "CS229 Lecture Notes",
    note = "\url{http://cs229.stanford.edu/notes/cs229-notes1.pdf}",
    year = "2012"
}

@book{mitchell,
	author = "Tom Michael Mitchell",
    title = "Machine Learning",
    publisher = "The McGraw-Hill Companies",
    edition = "1",
    year = "1997"
}

@booklet{wfan,
    author = "Minjie Fan",
    title = "How and Why to Use Stochastic Gradient Descent?",
    school = "University of California, Davis",
    note = "\url{http://anson.ucdavis.edu/~minjay/SGD.pdf}",
    year = "2014"
}

@article{zhang,
    author = "Tong Zhang",
    title = "Solving Large Scale Linear Prediction Problems using Stochastic Gradient Descent Algorithms",
    journal = "Proceedings of the 21st International Conference on Machine Learning",
    year = "2004"
}


@article{julia,
    author = "Jeff Bezanson and Stefan and Karpinski and Viral B. Shah and Alan Edelman",
    title = "Julia: A Fast Dynamic Language for Technical Computing",
    year = "2012"
}
    

@misc{github,
    author = "\emph{GitHub}",
    note = "\url{https://github.com/}"
}

@book{burfa,
    author = "Richard L. Burden and J. Douglas Faires",
    title = "Numerical Analysis",
    publisher = "CENGAGE Learning",
    edition = "9",
    year = "2010"
}

@article{adam,
    Author = "Diederik P. Kingma and Jimmy Ba",
    Title = "Adam: A Method for Stochastic Optimization",
    Year = "2014",
    Eprint = "arXiv:1412.6980",
}

@book{bajmes,
	author = "Barry R. James",
    title = "Probabilidade: Um Curso em Nível Intermediário",
    publisher = "IMPA",	
    edition = "3",
    year = "2011"
}

@misc{tensorflow2015,
    title= "{TensorFlow}: Large-Scale Machine Learning on Heterogeneous Systems",
    url="http://tensorflow.org/",
    author= "Martín~Abadi and
    Ashish~Agarwal and
    Paul~Barham and
    Eugene~Brevdo",
     year="2015"
}


